<record><leader>00000cas a22000007a 4500</leader><controlfield tag="001">29876315</controlfield><controlfield tag="008">940225d18771878cauwr ne      0    0eng d</controlfield><datafield ind1=" " ind2=" " tag="010"><subfield code="a">sn 93052217 </subfield></datafield><datafield ind1=" " ind2=" " tag="040"><subfield code="a">CUY</subfield><subfield code="b">eng</subfield><subfield code="c">CNK</subfield><subfield code="d">OCLCQ</subfield><subfield code="d">OCLCF</subfield><subfield code="d">OCLCO</subfield></datafield><datafield ind1="1" ind2=" " tag="029"><subfield code="a">AU@</subfield><subfield code="b">000025901196</subfield></datafield><datafield ind1=" " ind2=" " tag="042"><subfield code="a">msc</subfield></datafield><datafield ind1=" " ind2=" " tag="043"><subfield code="a">n-us-ca</subfield></datafield><datafield ind1="0" ind2="4" tag="245"><subfield code="a">The Mission local.</subfield></datafield><datafield ind1="3" ind2="0" tag="246"><subfield code="a">Daily Mission local</subfield></datafield><datafield ind1=" " ind2=" " tag="260"><subfield code="a">"The Mission, " San Francisco [Calif.] :</subfield><subfield code="b">C.M. Sawtelle and A.F. Woodbridge</subfield></datafield><datafield ind1=" " ind2=" " tag="300"><subfield code="a">v.</subfield></datafield><datafield ind1=" " ind2=" " tag="310"><subfield code="a">Weekly,</subfield><subfield code="b">-Oct. 12, 1878</subfield></datafield><datafield ind1=" " ind2=" " tag="321"><subfield code="a">Weekly,</subfield><subfield code="b">July 7, 1877-</subfield></datafield><datafield ind1=" " ind2=" " tag="321"><subfield code="a">Daily (except Sun.)</subfield></datafield><datafield ind1="0" ind2=" " tag="362"><subfield code="a">Vol. 1, no. 1 (July 7, 1877)-v. 4, no. 14 (Oct. 12, 1878).</subfield></datafield><datafield ind1=" " ind2=" " tag="500"><subfield code="a">Also published as: Daily Mission local.</subfield></datafield><datafield ind1=" " ind2="0" tag="651"><subfield code="a">Mission District (San Francisco, Calif.)</subfield><subfield code="v">Newspapers.</subfield></datafield><datafield ind1=" " ind2="7" tag="655"><subfield code="a">Newspapers.</subfield><subfield code="2">fast</subfield><subfield code="0">(OCoLC)fst01423814</subfield></datafield><datafield ind1=" " ind2="7" tag="651"><subfield code="a">California</subfield><subfield code="z">San Francisco</subfield><subfield code="z">Mission District.</subfield><subfield code="2">fast</subfield><subfield code="0">(OCoLC)fst01323368</subfield></datafield><datafield ind1=" " ind2=" " tag="752"><subfield code="a">United States</subfield><subfield code="b">California</subfield><subfield code="c">San Francisco</subfield><subfield code="d">San Francisco.</subfield></datafield><datafield ind1="0" ind2="0" tag="785"><subfield code="t">Saturday local (San Francisco, Calif.)</subfield><subfield code="w">(DLC)sn 93052218</subfield></datafield></record>